<record><leader>00000cas a2200000 a 4500</leader><controlfield tag="001">35455099</controlfield><controlfield tag="008">960910d19411947ilucr ne      0   a0eng c</controlfield><datafield ind1=" " ind2=" " tag="010"><subfield code="a">sn 96070042 </subfield></datafield><datafield ind1=" " ind2=" " tag="040"><subfield code="a">CVF</subfield><subfield code="b">eng</subfield><subfield code="c">CVF</subfield><subfield code="d">OCLCQ</subfield><subfield code="d">OCLCF</subfield><subfield code="d">OCLCO</subfield><subfield code="d">NVF</subfield><subfield code="d">OCLCO</subfield></datafield><datafield ind1="1" ind2=" " tag="029"><subfield code="a">AU@</subfield><subfield code="b">000012845166</subfield></datafield><datafield ind1=" " ind2=" " tag="042"><subfield code="a">pcc</subfield></datafield><datafield ind1=" " ind2=" " tag="043"><subfield code="a">n-us-il</subfield></datafield><datafield ind1="0" ind2="0" tag="245"><subfield code="a">Rogers Park news and Howard news.</subfield></datafield><datafield ind1="1" ind2=" " tag="246"><subfield code="i">Published every other issue as:</subfield><subfield code="a">Rogers Park news Howard news and star budget</subfield><subfield code="f">Apr. 22, 1941-Feb. 9, 1943</subfield></datafield><datafield ind1="3" ind2=" " tag="246"><subfield code="a">Rogers Park news &amp; Howard news</subfield></datafield><datafield ind1=" " ind2=" " tag="260"><subfield code="a">Chicago [Ill.] :</subfield><subfield code="b">Myers Pub. Co.,</subfield><subfield code="c">1941-1947.</subfield></datafield><datafield ind1=" " ind2=" " tag="300"><subfield code="a">volumes</subfield></datafield><datafield ind1=" " ind2=" " tag="310"><subfield code="a">Semiweekly</subfield></datafield><datafield ind1="0" ind2=" " tag="362"><subfield code="a">Vol. 21, no. 30 (Apr. 17, 1941)-v. 27, no. 50 (Oct. 30, 1947).</subfield></datafield><datafield ind1=" " ind2=" " tag="580"><subfield code="a">Published on Sunday in a combined edition as: North Side Sunday star, Feb. 21, 1943-Oct. 28, 1947.</subfield></datafield><datafield ind1=" " ind2="0" tag="650"><subfield code="a">Community newspapers</subfield><subfield code="z">Illinois</subfield><subfield code="z">Chicago.</subfield></datafield><datafield ind1=" " ind2="0" tag="651"><subfield code="a">Rogers Park (Chicago, Ill.)</subfield><subfield code="v">Newspapers.</subfield></datafield><datafield ind1=" " ind2="0" tag="651"><subfield code="a">West Ridge (Chicago, Ill.)</subfield><subfield code="v">Newspapers.</subfield></datafield><datafield ind1=" " ind2="7" tag="651"><subfield code="a">Illinois</subfield><subfield code="z">Chicago</subfield><subfield code="z">Rogers Park.</subfield><subfield code="2">fast</subfield><subfield code="0">(OCoLC)fst01314166</subfield></datafield><datafield ind1=" " ind2="7" tag="655"><subfield code="a">Newspapers.</subfield><subfield code="2">fast</subfield><subfield code="0">(OCoLC)fst01423814</subfield></datafield><datafield ind1=" " ind2=" " tag="752"><subfield code="a">United States</subfield><subfield code="b">Illinois</subfield><subfield code="c">Cook County</subfield><subfield code="d">Chicago.</subfield></datafield><datafield ind1="1" ind2=" " tag="775"><subfield code="t">North Side Sunday star</subfield><subfield code="w">(DLC)sn 96070076</subfield><subfield code="w">(OCoLC)35559888</subfield></datafield><datafield ind1="0" ind2="0" tag="780"><subfield code="t">Howard news and Rogers Park news</subfield><subfield code="w">(DLC)sn 96070038</subfield><subfield code="w">(OCoLC)35423931</subfield></datafield><datafield ind1="0" ind2="0" tag="785"><subfield code="t">Rogers Park news (Chicago, Ill. : 1947)</subfield><subfield code="w">(DLC)sn 96070041</subfield><subfield code="w">(OCoLC)35453731</subfield></datafield></record>